<?xml version="1.0" encoding="UTF-8"?><collection xmlns="http://www.loc.gov/MARC21/slim"><record><leader>00516nam--2200157-i-4500</leader><controlfield tag="001">000031506</controlfield><controlfield tag="002">20161230</controlfield><controlfield tag="005">20170115235416</controlfield><controlfield tag="008">060222s1000------------r-----000-0-eng-d</controlfield><datafield ind1=" " ind2=" " tag="080"><subfield code="a">621.039.54</subfield></datafield><datafield ind1=" " ind2=" " tag="100"><subfield code="a">Long, Justin T</subfield></datafield><datafield ind1=" " ind2=" " tag="245"><subfield code="a">Engineering for nuclear fuel reprocessing. Prepared under the auspices of division of technical information, United States Atomic Energy Commission</subfield></datafield><datafield ind1=" " ind2=" " tag="260"><subfield code="a">New York</subfield><subfield code="b">Gordon And Breach Sci.Publ</subfield><subfield code="c">1967</subfield></datafield><datafield ind1=" " ind2=" " tag="300"><subfield code="a">IX+1033 p</subfield></datafield><datafield ind1=" " ind2=" " tag="852"><subfield code="a">29637</subfield></datafield><datafield ind1=" " ind2=" " tag="CAT"><subfield code="a">SYS</subfield><subfield code="c">20170115</subfield><subfield code="h">235416</subfield></datafield></record></collection>